<?xml version="1.0" encoding="UTF-8"?>
<record xmlns="http://www.loc.gov/MARC21/slim" xmlns:xsi="http://www.w3.org/2001/XMLSchema-instance" xsi:schemaLocation="http://www.loc.gov/MARC21/slim http://www.loc.gov/standards/marcxml/schema/MARC21slim.xsd">
<leader>     cam a2200313   4500</leader>
<controlfield tag="001">002129256</controlfield>
<controlfield tag="003">NNU</controlfield>
<controlfield tag="005">20061010172357.0</controlfield>
<controlfield tag="008">940316s1934    le c     b    000 0 arar</controlfield>
<datafield tag="010" ind1=" " ind2=" ">
<subfield code="a">59049558</subfield>
</datafield>
<datafield tag="035" ind1="9" ind2=" ">
<subfield code="a">NYUb11110844</subfield>
</datafield>
<datafield tag="035" ind1=" " ind2=" ">
<subfield code="a">(CStRLIN)NYUG94-B13008</subfield>
</datafield>
<datafield tag="040" ind1=" " ind2=" ">
<subfield code="a">DLC</subfield>
<subfield code="c">CU</subfield>
<subfield code="d">CU</subfield>
<subfield code="d">NNU</subfield>
</datafield>
<datafield tag="050" ind1="0" ind2=" ">
<subfield code="a">PJ25</subfield>
<subfield code="b">.A6 no. 6</subfield>
</datafield>
<datafield tag="066" ind1=" " ind2=" ">
<subfield code="c">(3</subfield>
<subfield code="c">(4</subfield>
</datafield>
<datafield tag="090" ind1=" " ind2=" ">
<subfield code="a">PJ25</subfield>
<subfield code="b">.A6 no.6</subfield>
</datafield>
<datafield tag="100" ind1="0" ind2=" ">
<subfield code="a">Ismāʼīl ibn ʻAbdi,</subfield>
<subfield code="d">1881 or 2-1933.</subfield>
</datafield>
<datafield tag="245" ind1="1" ind2="3">
<subfield code="6">880-01</subfield>
<subfield code="a">al-Yazīdīyah qadīman wa-ḥadīthan :</subfield>
<subfield code="b">wa-hiya thalāthat fuṣūl fī muʻtaqadāt al-Yazīdīyah wa-ʻādātuhum wa-baʻḍ ḥawādith tārīkhihim wa-sīrat aḥad umarāʼihim al-muʻāṣirīn /</subfield>
<subfield code="c">li-Ismāʻīl Bak Chūl, amīr al-Yazīdīyah fī Sinjār ; ʻanniya bi-nashrihā wa-ʻādād ḥawāshīhā wa-waḍʻ maqdamatihā wa-fahārisihā Qusṭanṭīn Zurayq</subfield>
</datafield>
<datafield tag="260" ind1=" " ind2=" ">
<subfield code="6">880-02</subfield>
<subfield code="a">Bayrūt :</subfield>
<subfield code="b">al-Maṭbaʻah al-Amīrikānīyah,</subfield>
<subfield code="c">[1934]</subfield>
</datafield>
<datafield tag="300" ind1=" " ind2=" ">
<subfield code="a">22,134 p. :</subfield>
<subfield code="b">ports. ;</subfield>
<subfield code="c">23 cm.</subfield>
</datafield>
<datafield tag="490" ind1="1" ind2=" ">
<subfield code="6">880-03</subfield>
<subfield code="a">al-Jāmiʻah al-Amīrikīyah fī Bayrūt. Manshūrāt Kullīyat al-ʻUlūm wa-al-Ādāb. Silsilat al-ʻUlūm al-Sharqīyah,</subfield>
<subfield code="v">6.</subfield>
</datafield>
<datafield tag="500" ind1=" " ind2=" ">
<subfield code="a">Added t.p.: The Yazīdīs past and present; being three original texts about Yazidi doctrines, customs, and some events of their history, with an autobiography of one of their contemporary amirs. By Ismāʻīl Beg Chol, Yazīdī amīr of Sinjār.</subfield>
</datafield>
<datafield tag="504" ind1=" " ind2=" ">
<subfield code="a">Bibliographical footnotes.</subfield>
</datafield>
<datafield tag="650" ind1=" " ind2="0">
<subfield code="a">Yezidis.</subfield>
</datafield>
<datafield tag="700" ind1="1" ind2=" ">
<subfield code="a">Zurayq, Qusṭanṭīn,</subfield>
<subfield code="d">1909-</subfield>
</datafield>
<datafield tag="880" ind1="1" ind2="2">
<subfield code="6">245-01/</subfield>
<subfield code="a">اليزيدية قديمان وحديثا :</subfield>
<subfield code="b">وهي ثلاثة فصول ففي معتقدات اليزيدية وعاداتهم وبعض حوادث تاريخيهم وسيرة احد امرائهم المعاصرين /</subfield>
<subfield code="c">لإسماعيل بك �ول، امير اليزيدية في سنجار ؛ عني بنشرها وعداد حواشيها ووضع مقدمتها وفهارسها قسطنطيين زريق.</subfield>
</datafield>
<datafield tag="880" ind1=" " ind2=" ">
<subfield code="6">260-02/</subfield>
<subfield code="a">بيروت :</subfield>
<subfield code="b">المطبعة الاميركانية،</subfield>
<subfield code="c">[١٩٣٤]</subfield>
</datafield>
<datafield tag="880" ind1="1" ind2=" ">
<subfield code="6">490-03/</subfield>
<subfield code="a">الجامعة الاميركية في بيروت. منشورات كلية العلوم والآداب. سلسلة العلوم الشرقية،</subfield>
<subfield code="v">٦</subfield>
</datafield>
<datafield tag="830" ind1=" " ind2="0">
<subfield code="a">Publications of the Facukulty of the Arts and Sciences.</subfield>
<subfield code="p">Oriental series ;</subfield>
<subfield code="v">n. 6.</subfield>
</datafield>
<datafield tag="OWN" ind1=" " ind2=" ">
<subfield code="a">GENERAL</subfield>
</datafield>
<datafield tag="998" ind1=" " ind2=" ">
<subfield code="a">19940413</subfield>
<subfield code="d">19940316</subfield>
<subfield code="d">20030330</subfield>
<subfield code="n">NNU</subfield>
<subfield code="s">1</subfield>
<subfield code="t">c</subfield>
<subfield code="z">e</subfield>
</datafield>
<datafield tag="AVA" ind1=" " ind2=" ">
<subfield code="a">NYU50</subfield>
<subfield code="b">BOBST</subfield>
<subfield code="c">Main Collection</subfield>
<subfield code="d">PJ25 .A6 no.6</subfield>
<subfield code="e">unavailable</subfield>
<subfield code="t">Unavailable</subfield>
<subfield code="f">1</subfield>
<subfield code="g">1</subfield>
<subfield code="h">N</subfield>
<subfield code="i">0</subfield>
<subfield code="j">MAIN</subfield>
<subfield code="k">0</subfield>
</datafield>
</record>
